@misc{illinois2,
  author = {Agha, Gul and Fleck, Margaret and Peled, Sariel Har and Madhusudan, P. and Pinker, Steven and Pitt, Leonard and Prabhakaran, Manoj and Rudich, Steven},
  title = {{CS 373: Introduction to Theory of Computation:  Introducing Finite Automata}},
  howpublished = "\url{https://courses.engr.illinois.edu/cs373/sp2013/Lectures/lec02.pdf}",
  year = {2013}, 
  note = "[Online; acessado em 26-mar-2016]"
}

@misc{illinois3,
  author = {Agha, Gul and Fleck, Margaret and Peled, Sariel Har and Madhusudan, P. and Pinker, Steven and Pitt, Leonard and Prabhakaran, Manoj and Rudich, Steven},
  title = {{CS 373: Introduction to Theory of Computation: Inductive Proofs for DFAs}},
  howpublished = "\url{https://courses.engr.illinois.edu/cs373/sp2013/Lectures/lec03.pdf}",
  year = {2013}, 
  note = "[Online; acessado em 26-mar-2016]"
}

@book{hopcroft2006,
   title =     {Introduction to Automata Theory, Languages, and Computations},
   author =    {Hopcroft, John E. and Motwani, Rajeev and Ullman, Jeffrey D.},
   publisher = {Prentice Hall},
   isbn =      {0321455363},
   year =      {2006},
   edition =   {3rd}
}